<record xmlns="http://www.loc.gov/MARC21/slim" xmlns:xsi="http://www.w3.org/2001/XMLSchema-instance" xsi:schemaLocation="http://www.loc.gov/MARC21/slim http://www.loc.gov/standards/marcxml/schema/MARC21slim.xsd">

  <leader>00979nam a2200253   4500</leader>
  <controlfield tag="008">160502b2012    ag a|||| |||| 00| | spa d</controlfield>
  <datafield tag="020" ind2=" " ind1=" ">
    <subfield code="a">9789871891061</subfield>
  </datafield>
  <datafield tag="090" ind2=" " ind1=" ">
    <subfield code="a">05.01.01</subfield>
    <subfield code="b">2323</subfield>
  </datafield>
  <datafield ind1="1" ind2=" " tag="100">
    <subfield code="9">1682</subfield>
    <subfield code="a">Alvarado, Sara Victoria</subfield>
  </datafield>
  <datafield tag="245" ind2="4" ind1="1">
    <subfield code="a">Las escuelas como territorios de paz: construcción social del niño y la niña como sujetos políticos en contextos de conflicto armado /</subfield>
    <subfield code="c">Sara Victoria Alvarado, Héctor Fabio Ospina, Marieta Quintero, María Teresa Luna, María Camila Ospina, Jhoana A. Patiño</subfield>
  </datafield>
  <datafield tag="260" ind2=" " ind1=" ">
    <subfield code="a">Buenos Aires : </subfield>
    <subfield code="b">CLACSO,</subfield>
    <subfield code="c">2012</subfield>
  </datafield>
  <datafield tag="300" ind2=" " ind1=" ">
    <subfield code="a">285 páginas;</subfield>
    <subfield code="b">ilustraciones</subfield>
  </datafield>
  <datafield tag="490" ind1=" " ind2=" ">
    <subfield code="a">Colección Red de posgrados</subfield>
  </datafield>
  <datafield ind1="1" ind2="4" tag="650">
    <subfield code="9">335</subfield>
    <subfield code="a">SOCIOLOGÍA</subfield>
  </datafield>
  <datafield tag="650" ind1="1" ind2="4">
    <subfield code="9">59</subfield>
    <subfield code="a">NIÑOS</subfield>
  </datafield>
  <datafield tag="650" ind1="1" ind2="4">
    <subfield code="9">60</subfield>
    <subfield code="a">NIÑAS</subfield>
  </datafield>
  <datafield ind1="1" ind2="4" tag="650">
    <subfield code="9">71</subfield>
    <subfield code="a">VIOLENCIA</subfield>
  </datafield>
  <datafield ind2="4" ind1="1" tag="700">
    <subfield code="9">1683</subfield>
    <subfield code="a">Ospina, Héctor Fabio</subfield>
  </datafield>
  <datafield ind2="4" ind1="1" tag="700">
    <subfield code="9">1684</subfield>
    <subfield code="a">Quintero, Marieta</subfield>
  </datafield>
  <datafield tag="700" ind1="1" ind2="4">
    <subfield code="9">1685</subfield>
    <subfield code="a">Luna, María Teresa</subfield>
  </datafield>
  <datafield tag="700" ind1="1" ind2="4">
    <subfield code="9">1686</subfield>
    <subfield code="a">Ospina, María Camila</subfield>
  </datafield>
  <datafield tag="700" ind2="4" ind1="1">
    <subfield code="9">1687</subfield>
    <subfield code="a">Patiño, Jhoana A.</subfield>
  </datafield>
  <datafield tag="942" ind1=" " ind2=" ">
    <subfield code="2">z</subfield>
    <subfield code="c">01</subfield>
  </datafield>
  <datafield ind1=" " ind2=" " tag="999">
    <subfield code="c">3189</subfield>
    <subfield code="d">3189</subfield>
  </datafield>
</record>